% Encoding: UTF-8

@Online{hanaxsintroduction,
  author  = {Thomas Jung},
  title   = {SAP HANA Extended Application Services},
  year    = {2012},
  date    = {2012-11-29},
  url     = {https://blogs.sap.com/2012/11/29/sap-hana-extended-application-services/},
  urldate = {2017-08-07},
}

@Online{odatav3protocol,
  author       = {OData},
  title        = {OData Version 3.0 Core Protocol},
  year         = {2017},
  url          = {http://www.odata.org/documentation/odata-version-3-0/odata-version-3-0-core-protocol/},
  organization = {OData – The Protocol for REST APIs},
  urldate      = {2017-08-07},
}

@Online{introhanaxs14,
  author  = {Ronald Silberstein},
  title   = {Introducing...SAP HANA Extended Application Services (XS)},
  year    = {2014},
  date    = {2014-11-30},
  url     = {https://archive.sap.com/documents/docs/DOC-60322},
  urldate = {2017-08-07},
}

@Online{hanadb10,
  author  = {Alexander Neumann},
  title   = {SAP liefert Appliance für In-Memory Computing aus},
  year    = {2010},
  date    = {2010-12-01},
  url     = {https://www.heise.de/developer/meldung/SAP-liefert-Appliance-fuer-In-Memory-Computing-aus-1145612.html},
  urldate = {2017-08-07},
}

@Online{inmemory12,
  author  = {Martin Bayer},
  title   = {In-Memory-Computing - zwischen IT-Beschleuniger und Nische},
  year    = {2012},
  date    = {2012-06-01},
  url     = {https://www.computerwoche.de/a/in-memory-computing-zwischen-it-beschleuniger-und-nische,2494293,2},
  urldate = {2017-08-07},
}

@Online{restbasics,
  author  = {Alex Rodriguez},
  title   = {RESTful Web services: The basics},
  year    = {2008},
  date    = {2008-11-06},
  url     = {https://www.ibm.com/developerworks/library/ws-restful/index.html},
  urldate = {2017-08-08},
}

@Online{sapcompclassicadvanced,
  author  = {SAP},
  title   = {Comparing XS Classic to XS Advanced},
  year    = {o. J.},
  url     = {https://help.sap.com/doc/58d81eb4c9bc4899ba972c9fe7a1a115/2.0.00/en-US/b1333dbbfa9549ffa76850b5b5ca455a.html#loiob1333dbbfa9549ffa76850b5b5ca455a__subsection_cws_zv3_px},
  urldate = {2017-08-08},
}

@Online{progmodelsxsclassicadv,
  author  = {SAP},
  title   = {Programming Models: XS Classic \& XS Advanced},
  year    = {o. J.},
  url     = {https://help.sap.com/doc/58d81eb4c9bc4899ba972c9fe7a1a115/2.0.00/en-US/ed718596f1674c27b366b5aa36f1734c.html},
  urldate = {2017-08-08},
}

@Periodical{acmtransactions76,
  editor    = {David K. Hsiao},
  title     = {ACM Transactions on Database Systems (TODS)},
  year      = {1976},
  date      = {1976-03},
  issn      = {0362-5915},
  abbr      = {ACM Trans. Database Syst.},
  address   = {New York, NY, USA},
  publisher = {ACM},
}

@Online{diadoc,
  author = {Kevin Breit, Henry House, Judith Samson, Alan Horkan, Thomas Harding, Mark Dexter, Steffen Macke},
  title  = {Dia},
  year   = {2011},
  url    = {http://dia-installer.de/doc/de/dia-handbuch.pdf},
}

@Online{hanaxsdifference,
  author = {Karl Kessler},
  title  = {A New Development Platform for Native SAP HANA Applications},
  year   = {2016},
  date   = {2016-04-26},
  url    = {http://sapinsider.wispubs.com/Assets/Articles/2016/April/SPI-A-New-Development-Platform-for-Native-SAP-HANA-Applications},
}

@Online{introducingjson,
  author = {JSON},
  title  = {Introducing JSON},
  year   = {o. J.},
  url    = {http://json.org/},
}

@Online{saphana,
  author = {Andreas Schmitz},
  title  = {Was ist eigentlich SAP HANA?},
  year   = {2015},
  date   = {2015-09-07},
  url    = {http://news.sap.com/germany/ist-eigentlich-sap-hana/?source=themeseries-saphana},
}

@Online{sapnodejs,
  author = {Thomas Jung},
  title  = {SAP HANA SPS 11: New Developer Features; Node.js},
  year   = {2015},
  date   = {2015-12-08},
  url    = {https://blogs.sap.com/2015/12/08/sap-hana-sps-11-new-developer-features-nodejs/+&cd=2&hl=de&ct=clnk&gl=us},
}

@Online{nodejsneedtoknow,
  author  = {Lauren Orsini},
  title   = {What You Need To Know About Node.js},
  year    = {2013},
  date    = {2013-11-07},
  url     = {http://readwrite.com/2013/11/07/what-you-need-to-know-about-nodejs/},
  urldate = {2017-08-17},
}

@Online{saphanaapplikationsplattform,
  author = {Uwe Sester},
  title  = {SAP HANA als Applikationsplattform},
  year   = {2014},
  date   = {2015-01-20},
  url    = {https://www.computerwoche.de/a/sap-hana-als-applikationsplattform,2552658},
}

@Online{xsadvancedsps11,
  author = {webadmin},
  title  = {SAP HANA SPS 11: New Developer Features; XS Advanced},
  year   = {2016},
  date   = {2016-11-07},
  url    = {http://www.sapspot.com/sap-hana-sps-11-new-developer-features-xs-advanced/},
}

@Article{loeliger2006collaborating,
  author  = {Loeliger, Jon},
  title   = {Collaborating with GIT},
  journal = {Linux Magazine, June},
  year    = {2006},
}

@Book{GlossarWiki:Elmasri_Navathe:2002,
  author    = {Elmasri, Ramez and B. Navathe, Shamkant},
  title     = {{Grundlagen von Datenbanksystemen}},
  year      = {2002},
  edition   = {3},
  note      = {Übersetzung von: Elmasri, R.; Navathe, S. B. (2000): Fundamentals of Database Systems},
  publisher = {Pearson Studium},
  isbn      = {3-8273-7021-3},
  quality   = {5},
}

@Comment{jabref-meta: databaseType:biblatex;}
